@misc{ enwiki:1009164221,
    author = "{Wikipedia contributors}",
    title = "Curse of dimensionality --- {Wikipedia}{,} The Free Encyclopedia",
    year = "2021",
    url = "https://en.wikipedia.org/w/index.php?title=Curse_of_dimensionality&oldid=1009164221",
    note = "[Online; accessed 25-April-2021]"
  }

@misc{ enwiki:1007441084,
    author = "{Wikipedia contributors}",
    title = "Independent component analysis --- {Wikipedia}{,} The Free Encyclopedia",
    year = "2021",
    url = "https://en.wikipedia.org/w/index.php?title=Independent_component_analysis&oldid=1007441084",
    note = "[Online; accessed 25-April-2021]"
  }
  
  @misc{ enwiki:913093990,
    author = "{Wikipedia contributors}",
    title = "Winner-take-all (computing) --- {Wikipedia}{,} The Free Encyclopedia",
    year = "2019",
    url = "https://en.wikipedia.org/w/index.php?title=Winner-take-all_(computing)&oldid=913093990",
    note = "[Online; accessed 27-April-2021]"
  }