@Inbook{Ito2015,
author="Ito, Junji",
editor="Jaeger, Dieter
and Jung, Ranu",
title="Spike Triggered Average",
bookTitle="Encyclopedia of Computational Neuroscience",
year="2015",
publisher="Springer New York",
address="New York, NY",
pages="2832--2835",
isbn="978-1-4614-6675-8",
doi="10.1007/978-1-4614-6675-8_407",
url="https://doi.org/10.1007/978-1-4614-6675-8_407"
}

