@misc{enwiki:1000479639,
    author = "{Wikipedia contributors}",
    title = "Spike-triggered average --- {Wikipedia}{,} The Free Encyclopedia",
    year = "2021",
    howpublished = "\url{https://en.wikipedia.org/w/index.php?title=Spike-triggered_average&oldid=1000479639}",
    note = "[Online; accessed 1-March-2021]"
  }