@misc{ enwiki:1007271206,
    author = "{Wikipedia contributors}",
    title = "Difference of Gaussians --- {Wikipedia}{,} The Free Encyclopedia",
    year = "2021",
    url = "https://en.wikipedia.org/w/index.php?title=Difference_of_Gaussians&oldid=1007271206",
    note = "[Online; accessed 1-March-2021]"
  }