@misc{enwiki:993398517,
    author = "{Wikipedia contributors}",
    title = "Otsu's method --- {Wikipedia}{,} The Free Encyclopedia",
    year = "2020",
    howpublished = "https://en.wikipedia.org/w/index.php?title=Otsu%27s_method&oldid=993398517",
    note = "[Online; accessed 2-March-2021]"
 }