@misc{enwiki:993157632,
    author = "{Wikipedia contributors}",
    title = "Gabor filter --- {Wikipedia}{,} The Free Encyclopedia",
    year = "2020",
    howpublished = "\url{https://en.wikipedia.org/w/index.php?title=Gabor_filter&oldid=993157632}",
    note = "[Online; accessed 2-March-2021]"
  }