@misc{enwiki:1014701581,
    author = "{Wikipedia contributors}",
    title = "Bootstrapping (statistics) --- {Wikipedia}{,} The Free Encyclopedia",
    year = "2021",
    howpublished = "\url{https://en.wikipedia.org/w/index.php?title=Bootstrapping_(statistics)&oldid=1014701581}",
    note = "[Online; accessed 2-April-2021]"
 }

